@article{HR90,
  title={A {G}uided {T}our of {C}hernoff {B}ounds},
  author={Hagerup, T. and C. R\"uss},
  journal={Information Processing Letters},
  volume={33},
  pages={305--308},
  year={1989/90},
  publisher={North-Holland}
}

@inproceedings{McC21,
  title = {Approximate Similarity Search Under Edit Distance Using Locality-Sensitive Hashing},
  booktitle = {ICDT 2021},
  author = {S. McCauley},
  pages = {21:1 -- 21:22},
  year = {2021}
}